@INPROCEEDINGS{ref:1, 
author={K. Kongsakun}, 
booktitle={2013 International Conference on Machine Learning and Cybernetics}, 
title={An improved recommendation model using linear regression and clustering for a private university in Thailand}, 
year={2013}, 
volume={04}, 
pages={1625-1630}, 
keywords={educational administrative data processing;educational institutions;pattern clustering;regression analysis;Thailand;academic development;clustering techniques;e-grade model;educational institutes;electronic grade;likelihood of grade after midterm examination;likelihood of grade before midterm examination;linear regression techniques;prediction model;private university;recommendation model;student classroom achievement;student counselling;student grade;student performance;student progress monitoring;student satisfaction;student supervision;technological supports;Abstracts;Benchmark testing;Computational modeling;Educational institutions;Medical services;Predictive models;Clustering;Data Mining;Likelihood of Grade;Linear Regression;Student Performance}, 
doi={10.1109/ICMLC.2013.6890859}, 
ISSN={2160-133X}, 
month={July},}

@INPROCEEDINGS{ref:2, 
author={T. Mishra and D. Kumar and S. Gupta}, 
booktitle={2014 Fourth International Conference on Advanced Computing Communication Technologies}, 
title={Mining Students' Data for Prediction Performance}, 
year={2014}, 
pages={255-262}, 
keywords={data mining;educational administrative data processing;educational institutions;further education;pattern classification;trees (mathematics);Guru Gobind Singh Indraprastha University;J48 algorithm;MCA students;academic integration;classification techniques;emotional skills;higher education;performance prediction model;prediction performance;random tree;student data mining;student failure prediction;student retention;student social integration;student success rate;Accuracy;Data mining;Decision trees;Educational institutions;Lead;Prediction algorithms;classification;data mining;prediction}, 
doi={10.1109/ACCT.2014.105}, 
ISSN={2327-0632}, 
month={Feb},}

@INPROCEEDINGS{ref:3, 
author={K. Kaur and K. Kaur}, 
booktitle={2015 1st International Conference on Next Generation Computing Technologies (NGCT)}, 
title={Analyzing the effect of difficulty level of a course on students performance prediction using data mining}, 
year={2015}, 
pages={756-761}, 
keywords={data mining;educational courses;educational institutions;further education;learning (artificial intelligence);regression analysis;AdaBoost;CART;CBCEGS;M5P;University Grants Commission of India;classification-and-regression tree;credit-based continuous evaluation-and-grading system;data mining;education community;higher education institute;learning behavior;multistage examination system;student performance prediction;system analysis;Analytical models;Data mining;Mathematics;Measurement uncertainty;Predictive models;Regression tree analysis;System analysis and design;Education Data Mining;Students Performance Prediction;Weka}, 
doi={10.1109/NGCT.2015.7375222}, 
month={Sept},}

@INPROCEEDINGS{ref:4, 
author={P. Cortez and A. Silva}, 
booktitle={In A. Brito and J. Teixeira Eds., Proceedings of 5th FUture BUsiness TEChnology Conference (FUBUTEC 2008)}, 
title={Using Data Mining to Predict Secondary School Student Performance}, 
year={2008}, 
pages={5-12}, 
keywords={Business Intelligence in Education, Classification and Regression, Decision Trees, Random Forest}, 
doi={10.1109/NGCT.2015.7375222},
ISBN={978-9077381-39-7},
month={April},}

@misc{Lichman:2013 ,
author = "M. Lichman",
year = "2013",
title = "{UCI} Machine Learning Repository",
url = "http://archive.ics.uci.edu/ml",
institution = "University of California, Irvine, School of Information and Computer Sciences" }

@online{ieee,
 title={IEEEXplore},
 url={http://ieeexplore.ieee.org/}
 }

@online{googleSch,
 title={Google Scholar},
 url={http://scholar.google.com/}
 }

@online{nptel,
 title={National Program for Technology Enhanced Learning(NPTEL)},
 url={http://nptel.ac.in/}
 }

@misc{tensorflow2015-whitepaper,
title={{TensorFlow}: Large-Scale Machine Learning on Heterogeneous Systems},
url={http://tensorflow.org/},
note={Software available from tensorflow.org},
author={
    Mart\'{\i}n~Abadi and
    Ashish~Agarwal and
    Paul~Barham and
    Eugene~Brevdo and
    Zhifeng~Chen and
    Craig~Citro and
    Greg~S.~Corrado and
    Andy~Davis and
    Jeffrey~Dean and
    Matthieu~Devin and
    Sanjay~Ghemawat and
    Ian~Goodfellow and
    Andrew~Harp and
    Geoffrey~Irving and
    Michael~Isard and
    Yangqing Jia and
    Rafal~Jozefowicz and
    Lukasz~Kaiser and
    Manjunath~Kudlur and
    Josh~Levenberg and
    Dan~Man\'{e} and
    Rajat~Monga and
    Sherry~Moore and
    Derek~Murray and
    Chris~Olah and
    Mike~Schuster and
    Jonathon~Shlens and
    Benoit~Steiner and
    Ilya~Sutskever and
    Kunal~Talwar and
    Paul~Tucker and
    Vincent~Vanhoucke and
    Vijay~Vasudevan and
    Fernanda~Vi\'{e}gas and
    Oriol~Vinyals and
    Pete~Warden and
    Martin~Wattenberg and
    Martin~Wicke and
    Yuan~Yu and
    Xiaoqiang~Zheng},
  year={2015},
}

 @Manual{r,
    title = {R: A Language and Environment for Statistical Computing},
    author = {{R Core Team}},
    organization = {R Foundation for Statistical Computing},
    address = {Vienna, Austria},
    year = {2013},
    note = {{ISBN} 3-900051-07-0},
    url = {http://www.R-project.org/},
  }